<record><leader>00000cas a22000007a 4500</leader><controlfield tag="001">12198798</controlfield><controlfield tag="008">850625d19791980inuwr ne      0    0eng d</controlfield><datafield ind1=" " ind2=" " tag="010"><subfield code="a">sn 85047970 </subfield></datafield><datafield ind1=" " ind2=" " tag="040"><subfield code="a">NPI</subfield><subfield code="b">eng</subfield><subfield code="c">NPI</subfield><subfield code="d">OCLCQ</subfield></datafield><datafield ind1=" " ind2=" " tag="042"><subfield code="a">msc</subfield></datafield><datafield ind1="0" ind2=" " tag="130"><subfield code="a">Hard times (Marengo, Ind.)</subfield></datafield><datafield ind1="1" ind2="0" tag="245"><subfield code="a">Hard times.</subfield></datafield><datafield ind1=" " ind2=" " tag="260"><subfield code="a">Marengo, Ind. :</subfield><subfield code="b">Hard Times Enterprises,</subfield><subfield code="c">1979-</subfield></datafield><datafield ind1=" " ind2=" " tag="300"><subfield code="a">v. :</subfield><subfield code="b">ill.</subfield></datafield><datafield ind1=" " ind2=" " tag="310"><subfield code="a">Weekly</subfield></datafield><datafield ind1="0" ind2=" " tag="362"><subfield code="a">Vol. 1, no. 1 (Mar. 6, 1979)-</subfield></datafield><datafield ind1="1" ind2=" " tag="362"><subfield code="a">Ceased in early Sept. 1980</subfield><subfield code="z">Cf. Miller, John W. Indiana newspaper bibliog.</subfield></datafield><datafield ind1=" " ind2=" " tag="500"><subfield code="a">Editor: John Flynn.</subfield></datafield><datafield ind1=" " ind2=" " tag="752"><subfield code="a">United States</subfield><subfield code="b">Indiana</subfield><subfield code="c">Crawford</subfield><subfield code="d">Marengo.</subfield></datafield><datafield ind1="1" ind2=" " tag="029"><subfield code="a">AU@</subfield><subfield code="b">000025839791</subfield></datafield></record>